@book{latex,
	author =	"Leslie Lamport",
	title =		"A Document Preparation System {\LaTeX} User's Guide
			 \& Reference Manual",
	publisher = 	"Addison Wesley",
	address = 	"Reading, Massachusetts",
	year =		1986,
	note =		"（Cooke, E., et al.訳：文書処理システム {\LaTeX}，" #
			"アスキー出版局 (1990)）"}
@book{okumura,
	author =	"奥村 晴彦",
	yomi =		"Haruhiko Okudera",
	title =		"{\LaTeX} 美文書作成入門",
	publisher =	"技術評論社",
	year =		1991}


@webpage{ipsjreport,
	author =	"情報処理学会論文誌編集委員会",
	title =		"情報処理学会研究報告の準備方法（2018年10月29日版）",
	organization =	"情報処理学会",
	url="https://www.ipsj.or.jp/journal/submit/style.html",
	refdate =	"2023-12-10"}

